%% This BibTeX bibliography file was created using BibDesk.
%% http://bibdesk.sourceforge.net/


%% Created for Patric Jensfelt at 2014-08-23 22:39:14 +0200 


%% Saved with string encoding Unicode (UTF-8) 

@book{NLTK,
    Author = {Steven Bird, Ewan Klein, and Edward Loper},
	Date-Added = {},
	Date-Modified = {},
	Edition = {},
	Number = {},
	Publisher = {O'Reilly Media},
	Title = {Natural Language Processing with Python},
	Year = {2009}};
	
@inproceedings{smith2012your,
  title={In your eyes: Identifying clich{\'e}s in song lyrics},
  author={Smith, Alex G and Zee, Christopher XS and Uitdenbogerd, Alexandra L},
  booktitle={Proceedings of the Australasian Language Technology Association Workshop},
  volume={2012},
  year={2012}
}

@book{manning1999foundations,
  title={Foundations of statistical natural language processing},
  author={Manning, Christopher D and Sch{\"u}tze, Hinrich},
  year={1999},
  publisher={MIT press}
}

@article{hieu2009rap,
  title={Rap Lyric Generator},
  author={Hieu Nguyen and Brian Sa},
  year={2009}
}

@article{tagging,
title = {Testing the Efficacy of Part-of-Speech Information in Word Completion},
author = {Afsaneh Fazly and Graeme Hirst},
publisher = {Department of Computer Science, University of Toronto}
}
